
@book{bk:gps_misra,
  author    = "Praptap {Misra} and Per {Enge}",
  title     = "Global Position System: Signals, Measurements, and Performance",
  publisher = "Ganga-Jamuna Press",
  year      = "2001",
}
